@inproceedings{LifeIsRandom,
  author    = {Thomas Brihaye and
               Florent Delgrange and
               Youssouf Oualhadj and
               Mickael Randour},
  editor    = {Wan J. Fokkink and
               Rob van Glabbeek},
  title     = {Life Is Random, Time Is Not: Markov Decision Processes with Window
               Objectives},
  booktitle = {30th International Conference on Concurrency Theory, {CONCUR} 2019,
               August 27-30, 2019, Amsterdam, the Netherlands},
  series    = {LIPIcs},
  volume    = {140},
  pages     = {8:1--8:18},
  publisher = {Schloss Dagstuhl - Leibniz-Zentrum f{\"{u}}r Informatik},
  year      = {2019},
  url       = {https://doi.org/10.4230/LIPIcs.CONCUR.2019.8},
  doi       = {10.4230/LIPIcs.CONCUR.2019.8},
  timestamp = {Mon, 15 Jun 2020 17:04:24 +0200},
  biburl    = {https://dblp.org/rec/conf/concur/BrihayeDOR19.bib},
  bibsource = {dblp computer science bibliography, https://dblp.org}
}
@article{LookingAtMPAndTP,
  author    = {Krishnendu Chatterjee and
               Laurent Doyen and
               Mickael Randour and
               Jean{-}Fran{\c{c}}ois Raskin},
  title     = {Looking at mean-payoff and total-payoff through windows},
  journal   = {Inf. Comput.},
  volume    = {242},
  pages     = {25--52},
  year      = {2015},
  url       = {https://doi.org/10.1016/j.ic.2015.03.010},
  doi       = {10.1016/j.ic.2015.03.010},
  timestamp = {Fri, 12 Feb 2021 22:16:20 +0100},
  biburl    = {https://dblp.org/rec/journals/iandc/Chatterjee0RR15.bib},
  bibsource = {dblp computer science bibliography, https://dblp.org}
}
@article{DBLP:journals/jcss/ChatterjeeH12,
  author    = {Krishnendu Chatterjee and
               Thomas A. Henzinger},
  title     = {A survey of stochastic {\(\omega\)}-regular games},
  journal   = {J. Comput. Syst. Sci.},
  volume    = {78},
  number    = {2},
  pages     = {394--413},
  year      = {2012},
  url       = {https://doi.org/10.1016/j.jcss.2011.05.002},
  doi       = {10.1016/j.jcss.2011.05.002},
  timestamp = {Tue, 16 Feb 2021 14:04:05 +0100},
  biburl    = {https://dblp.org/rec/journals/jcss/ChatterjeeH12.bib},
  bibsource = {dblp computer science bibliography, https://dblp.org}
}
@article{DBLP:journals/corr/Chatterjee016,
  author    = {Krishnendu Chatterjee and
               Laurent Doyen},
  title     = {Perfect-Information Stochastic Games with Generalized Mean-Payoff
               Objectives},
  journal   = {CoRR},
  volume    = {abs/1604.06376},
  year      = {2016},
  url       = {http://arxiv.org/abs/1604.06376},
  archivePrefix = {arXiv},
  eprint    = {1604.06376},
  timestamp = {Mon, 13 Aug 2018 16:46:16 +0200},
  biburl    = {https://dblp.org/rec/journals/corr/Chatterjee016.bib},
  bibsource = {dblp computer science bibliography, https://dblp.org}
}
@article{DBLP:journals/corr/abs-2005-04018,
  author    = {Krishnendu Chatterjee and
               Joost{-}Pieter Katoen and
               Maximilian Weininger and
               Tobias Winkler},
  title     = {Stochastic Games with Lexicographic Reachability-Safety Objectives},
  journal   = {CoRR},
  volume    = {abs/2005.04018},
  year      = {2020},
  url       = {https://arxiv.org/abs/2005.04018},
  archivePrefix = {arXiv},
  eprint    = {2005.04018},
  timestamp = {Thu, 14 May 2020 16:56:02 +0200},
  biburl    = {https://dblp.org/rec/journals/corr/abs-2005-04018.bib},
  bibsource = {dblp computer science bibliography, https://dblp.org}
}
@article{DBLP:journals/iandc/Condon92,
  author    = {Anne Condon},
  title     = {The Complexity of Stochastic Games},
  journal   = {Inf. Comput.},
  volume    = {96},
  number    = {2},
  pages     = {203--224},
  year      = {1992},
  url       = {https://doi.org/10.1016/0890-5401(92)90048-K},
  doi       = {10.1016/0890-5401(92)90048-K},
  timestamp = {Fri, 12 Feb 2021 22:16:28 +0100},
  biburl    = {https://dblp.org/rec/journals/iandc/Condon92.bib},
  bibsource = {dblp computer science bibliography, https://dblp.org}
}
@article{DBLP:journals/tcs/ZwickP96,
  author    = {Uri Zwick and
               Mike Paterson},
  title     = {The Complexity of Mean Payoff Games on Graphs},
  journal   = {Theor. Comput. Sci.},
  volume    = {158},
  number    = {1{\&}2},
  pages     = {343--359},
  year      = {1996},
  url       = {https://doi.org/10.1016/0304-3975(95)00188-3},
  doi       = {10.1016/0304-3975(95)00188-3},
  timestamp = {Wed, 17 Feb 2021 21:57:41 +0100},
  biburl    = {https://dblp.org/rec/journals/tcs/ZwickP96.bib},
  bibsource = {dblp computer science bibliography, https://dblp.org}
}
@inproceedings{DBLP:conf/isaac/AnderssonM09,
  author    = {Daniel Andersson and
               Peter Bro Miltersen},
  editor    = {Yingfei Dong and
               Ding{-}Zhu Du and
               Oscar H. Ibarra},
  title     = {The Complexity of Solving Stochastic Games on Graphs},
  booktitle = {Algorithms and Computation, 20th International Symposium, {ISAAC}
               2009, Honolulu, Hawaii, USA, December 16-18, 2009. Proceedings},
  series    = {Lecture Notes in Computer Science},
  volume    = {5878},
  pages     = {112--121},
  publisher = {Springer},
  year      = {2009},
  url       = {https://doi.org/10.1007/978-3-642-10631-6\_13},
  doi       = {10.1007/978-3-642-10631-6\_13},
  timestamp = {Tue, 14 May 2019 10:00:50 +0200},
  biburl    = {https://dblp.org/rec/conf/isaac/AnderssonM09.bib},
  bibsource = {dblp computer science bibliography, https://dblp.org}
}
@mastersthesis{MemoireSSG,
title = {Algorithms for Simple Stochastic Games},
author = {Elena Valkanova},
school = {University of South Florida},
year = {2009}
}
@PhDThesis{MemoireMickael,
title = {Synthesis in Multi-Criteria Quantitative Games},
author = {Mickael Randour},
school = {UMONS},
year = {2014}
}